@article{ackerberg2015,
  title={Identification properties of recent production function estimators},
  author={Daniel A Ackerberg and Kevin Caves and Garth Frazer},
  journal={Econometrica},
  volume={83},
  number={6},
  pages={2411--2451},
  year={2015},
  publisher={Wiley Online Library}
}

@article{acosta2022perceived,
  title={The perceived causes of monetary policy surprises},
  author={Acosta, Miguel},
  journal={Published Manuscript},
  year={2022}
}

@article{amiti2014importers,
  title={Importers, exporters, and exchange rate disconnect},
  author={Amiti, Mary and Itskhoki, Oleg and Konings, Jozef},
  journal={American Economic Review},
  volume={104},
  number={7},
  pages={1942--1978},
  year={2014},
  publisher={American Economic Association 2014 Broadway, Suite 305, Nashville, TN 37203}
}

@article{auer2018quality,
  title={Quality pricing-to-market},
  author={Auer, Raphael A and Chaney, Thomas and Saur{\'e}, Philip},
  journal={Journal of International Economics},
  volume={110},
  pages={87--102},
  year={2018},
  publisher={Elsevier}
}

@article{backus1994dynamics,
 ISSN = {00028282},
 URL = {http://www.jstor.org/stable/2117972},
 abstract = {We provide a theoretical interpretation of two features of international data: the countercyclical movements in net exports and the tendency for the trade balance to be negatively correlated with current and future movements in the terms of trade, but positively correlated with past movements. We document the same properties in a two-country stochastic growth model in which trade fluctuations reflect, in large part, the dynamics of capital formation. We find that our general-equilibrium perspective is essential: the relation between the trade balance and the terms of trade depends critically on the source of fluctuations.},
 author = {David K. Backus and Patrick J. Kehoe and Finn E. Kydland},
 journal = {The American Economic Review},
 number = {1},
 pages = {84--103},
 publisher = {American Economic Association},
 title = {Dynamics of the Trade Balance and the Terms of Trade: The J-Curve?},
 urldate = {2023-10-05},
 volume = {84},
 year = {1994}
}

@article{brandt2012,
	author={Loren Brandt and Johannes {Van Biesebroeck} and Yifan Zhang},
	year={2012},
	title={Creative accounting or creative destruction? Firm-level productivity growth in Chinese manufacturing},
	journal={Journal of Development Economics},
	volume={97},
	number={2},
	pages={339-351},
	abstract={We present the first comprehensive set of firm-level total factor productivity (TFP) estimates for China's manufacturing sector that spans China's entry into the WTO. For our preferred estimate, which adjusts for a number of potential sources of measurement error and bias, the weighted average annual productivity growth for incumbents is 2.85% for a gross output production function and 7.96% for a value added production function over the period 1998–2007. This is among the highest compared to other countries. Productivity growth at the industry level is even higher, reflecting the dynamic force of creative destruction. Over the entire period, net entry accounts for over two thirds of total TFP growth. In contrast to earlier studies looking at total non-agriculture including services, we find that TFP growth dominates input accumulation as a source of output growth.},
	isbn={0304-3878},
	doi={10.1016/j.jdeveco.2011.02.002}
}

@article{brooks2021agglomeration,
  title={Agglomeration, Misallocation, and (the Lack of) Competition},
  author={Brooks, Wyatt J and Kaboski, Joseph P and Li, Yao Amber},
  journal={American Economic Journal: Macroeconomics},
  volume={13},
  number={4},
  pages={483--519},
  year={2021}
}

@article{bluedorn2011open,
  title={The open economy consequences of US monetary policy},
  author={Bluedorn, John C and Bowdler, Christopher},
  journal={Journal of International Money and Finance},
  volume={30},
  number={2},
  pages={309--336},
  year={2011},
  publisher={Elsevier}
}

@misc{boyreau2005pitfalls,
  title={Pitfalls of a state-dominated financial system: The case of China},
  author={Boyreau-Debray, Genevieve and Wei, Shang-Jin},
  year={2005},
  publisher={national bureau of Economic research Cambridge, Mass., USA}
}

@article{bu2021unified,
  title={A unified measure of Fed monetary policy shocks},
  author={Bu, Chunya and Rogers, John and Wu, Wenbin},
  journal={Journal of Monetary Economics},
  volume={118},
  pages={331--349},
  year={2021},
  publisher={Elsevier}
}

@article{ca2020monetary,
  title={Monetary policy and its transmission in a globalised world},
  author={Ca’Zorzi, Michele and Dedola, Luca and Georgiadis, Georgios and Jarocinski, Marek and Stracca, Livio and Strasser, Georg},
  year={2020},
  publisher={ECB Working Paper}
}


@article{caballero2008equilibrium,
  title={An equilibrium model of “global imbalances” and low interest rates},
  author={Caballero, Ricardo J and Farhi, Emmanuel and Gourinchas, Pierre-Olivier},
  journal={American economic review},
  volume={98},
  number={1},
  pages={358--393},
  year={2008},
  publisher={American Economic Association}
}

@article{chari2021Taper,
  title={Taper Tantrums: Quantitative easing, Its aftermath, and emerging market capital flows},
  author={Chari, Anusha and Dilts Stedman, Karlye and Lundblad, Christian},
  journal={The Review of Financial Studies},
  volume={34},
  number={3},
  pages={1445--1508},
  year={2021},
  publisher={Oxford University Press}
}

@article{corsetti2021exchange,
  title={The exchange rate insulation puzzle},
  author={Corsetti, Giancarlo and Keuster, Keith and M{\"u}ller, Gernot J and Schmidt, Sebastian},
  year={2021},
  publisher={ECB Working Paper}
}

@article{corugedo2011understanding,
  title={Understanding the macroeconomic effects of working capital in the United Kingdom},
  author={Corugedo, Emilio Fern{\'a}ndez and McMahon, Michael F and Millard, Stephen and Rachel, Lukasz},
  year={2011},
  publisher={Bank of England Working Paper}
}

@article{craine2008international,
  title={International monetary policy surprise spillovers},
  author={Craine, Roger and Martin, Vance L},
  journal={Journal of International Economics},
  volume={75},
  number={1},
  pages={180--196},
  year={2008},
  publisher={Elsevier}
}

@article{dedola2017if,
  title={If the Fed sneezes, who catches a cold?},
  author={Dedola, Luca and Rivolta, Giulia and Stracca, Livio},
  journal={Journal of International Economics},
  volume={108},
  pages={S23--S41},
  year={2017},
  publisher={Elsevier}
}

@article{deloecker2012markups,
    author={Jan {De Loecker} and Frederic Warzynski},
    year={2012},
    title={Markups and Firm-Level Export Status},
    journal={The American Economic Review},
    volume={102},
    number={6},
    pages={2437-2471},
    abstract={that exporters charge, on average, higher markups and that markups increase upon export entry.},
    isbn={0002-8282},
    doi={10.1257/aer.102.6.2437}
}

@article{devereux2017importers,
  title={Importers and exporters in exchange rate pass-through and currency invoicing},
  author={Devereux, Michael B and Dong, Wei and Tomlin, Ben},
  journal={Journal of International Economics},
  volume={105},
  pages={187--204},
  year={2017},
  publisher={Elsevier}
}

@article{di2008impact,
  title={The impact of foreign interest rates on the economy: The role of the exchange rate regime},
  author={Di Giovanni, Julian and Shambaugh, Jay C},
  journal={Journal of International economics},
  volume={74},
  number={2},
  pages={341--361},
  year={2008},
  publisher={Elsevier}
}

@misc{dollar2007wasted,
  title={Das (wasted) kapital: firm ownership and investment efficiency in China},
  author={Dollar, David and Wei, Shang-Jin},
  year={2007},
  publisher={National Bureau of Economic Research Cambridge, Mass., USA}
}

@article{fama1973risk,
  title={Risk, return, and equilibrium: Empirical tests},
  author={Fama, Eugene F and MacBeth, James D},
  journal={Journal of political economy},
  volume={81},
  number={3},
  pages={607--636},
  year={1973},
  publisher={The University of Chicago Press}
}

@article{fan2015credit,
  title={Credit constraints, quality, and export prices: Theory and evidence from China},
  author={Fan, Haichao and Lai, Edwin L-C and Li, Yao Amber},
  journal={Journal of Comparative Economics},
  volume={43},
  number={2},
  pages={390--416},
  year={2015},
  publisher={Elsevier}
}

@article{fan2015trade,
  title={Trade liberalization, quality, and export prices},
  author={Fan, Haichao and Li, Yao Amber and Yeaple, Stephen R},
  journal={Review of Economics and Statistics},
  volume={97},
  number={5},
  pages={1033--1051},
  year={2015},
  publisher={The MIT Press}
}

@article{faust2003monetary,
  title={Monetary policy's role in exchange rate behavior},
  author={Faust, Jon and Rogers, John H},
  journal={Journal of Monetary Economics},
  volume={50},
  number={7},
  pages={1403--1424},
  year={2003},
  publisher={Elsevier}
}

@article{faust2003identifying,
  title={Identifying the effects of monetary policy shocks on exchange rates using high frequency data},
  author={Faust, Jon and Rogers, John H and Swanson, Eric and Wright, Jonathan H},
  journal={Journal of the European Economic association},
  volume={1},
  number={5},
  pages={1031--1057},
  year={2003},
  publisher={Oxford University Press}
}

@article{feenstra2014exports,
	author={Robert C. Feenstra and Zhiyuan Li and Miaojie Yu},
	year={2014},
	title={Exports and credit constraints under incomplete information: Theory and evidence from China},
	journal={The Review of Economics and Statistics},
	volume={96},
	number={4},
	pages={729-744},
	abstract={This paper examines why credit constraints for domestic and exporting firms arise in a setting where banks do not observe firms' productivities. To maintain incentive compatibility, banks lend below the amount that firms need for optimal production. The longer time needed for export shipments induces a tighter credit constraint on exporters than on purely domestic firms. In our application to Chinese firms, we find that the credit constraint is more stringent as a firm's export share grows, as the time to ship for exports is lengthened, and as there is greater dispersion of firms' productivities, reflecting more incomplete information.},
	isbn={0034-6535},
	doi={10.1162/REST_a_00405}
}

@article{georgiadis2016determinants,
  title={Determinants of global spillovers from US monetary policy},
  author={Georgiadis, Georgios},
  journal={Journal of international Money and Finance},
  volume={67},
  pages={41--61},
  year={2016},
  publisher={Elsevier}
}


@article{gopinath2010currency,
  title={Currency choice and exchange rate pass-through},
  author={Gopinath, Gita and Itskhoki, Oleg and Rigobon, Roberto},
  journal={American Economic Review},
  volume={100},
  number={1},
  pages={304--336},
  year={2010},
  publisher={American Economic Association}
}

@book{gopinath2014handbook,
  title={Handbook of international economics},
  author={Gopinath, Gita and Helpman, Elhanan and Rogoff, Kenneth},
  year={2014},
  publisher={Elsevier}
}

@article{gopinath2020dominant,
  title={Dominant currency paradigm},
  author={Gopinath, Gita and Boz, Emine and Casas, Camila and D{\'\i}ez, Federico J and Gourinchas, Pierre-Olivier and Plagborg-M{\o}ller, Mikkel},
  journal={American Economic Review},
  volume={110},
  number={3},
  pages={677--719},
  year={2020},
  publisher={American Economic Association 2014 Broadway, Suite 305, Nashville, TN 37203}
}

@article{guraynak2005actions,
  title={Do actions speak louder than words? The response of asset prices to monetary policy action and statements},
  author={Guraynak, R and Sack, B and Swanson, E},
  journal={International Journal of Central Banking},
  volume={1},
  pages={55--93},
  year={2005}
}

@article{harrigan2015export,
  title={Export prices of US firms},
  author={Harrigan, James and Ma, Xiangjun and Shlychkov, Victor},
  journal={Journal of International Economics},
  volume={97},
  number={1},
  pages={100--111},
  year={2015},
  publisher={Elsevier}
}

@article{hausman2011global,
  title={Global asset prices and FOMC announcements},
  author={Hausman, Joshua and Wongswan, Jon},
  journal={Journal of International Money and Finance},
  volume={30},
  number={3},
  pages={547--571},
  year={2011},
  publisher={Elsevier}
}

@article{iacoviello2019foreign,
  title={Foreign effects of higher US interest rates},
  author={Iacoviello, Matteo and Navarro, Gaston},
  journal={Journal of International Money and Finance},
  volume={95},
  pages={232--250},
  year={2019},
  publisher={Elsevier}
}

@article{jarocinski2020deconstructing,
  title={Deconstructing monetary policy surprises—the role of information shocks},
  author={Jaroci{\'n}ski, Marek and Karadi, Peter},
  journal={American Economic Journal: Macroeconomics},
  volume={12},
  number={2},
  pages={1--43},
  year={2020}
}

@article{jarocinski2022central,
  title={Central bank information effects and transatlantic spillovers},
  author={Jaroci{\'n}ski, Marek},
  journal={Journal of International Economics},
  volume={139},
  pages={103683},
  year={2022},
  publisher={Elsevier}
}

@article{kim2000fear,
  title={The fear of globalizing capital markets},
  author={Kim, E Han and Singal, Vijay},
  journal={Emerging Markets Review},
  volume={1},
  number={3},
  pages={183--198},
  year={2000},
  publisher={Elsevier}
}

@article{kim2001international,
  title={International transmission of US monetary policy shocks: Evidence from VAR's},
  author={Kim, Soyoung},
  journal={Journal of monetary Economics},
  volume={48},
  number={2},
  pages={339--372},
  year={2001},
  publisher={Elsevier}
}

@book{klein2012exchange,
  title={Exchange rate regimes in the modern era},
  author={Klein, Michael W and Shambaugh, Jay C},
  year={2012},
  publisher={MIT press}
}

@article{li2015exchange,
  title={How do exchange rate movements affect Chinese exports?—A firm-level investigation},
  author={Li, Hongbin and Ma, Hong and Xu, Yuan},
  journal={Journal of International Economics},
  volume={97},
  number={1},
  pages={148--161},
  year={2015},
  publisher={Elsevier}
}

@article{lin2018international,
  title={The international credit channel of US monetary policy transmission to developing countries: Evidence from trade data},
  author={Lin, Shu and Ye, Haichun},
  journal={Journal of Development Economics},
  volume={133},
  pages={33--41},
  year={2018},
  publisher={Elsevier}
}

@article{lin2018foreign,
  title={Foreign direct investment, trade credit, and transmission of global liquidity shocks: Evidence from Chinese manufacturing firms},
  author={Lin, Shu and Ye, Haichun},
  journal={The Review of Financial Studies},
  volume={31},
  number={1},
  pages={206--238},
  year={2018},
  publisher={Oxford University Press}
}

@article{mackowiak2007external,
  title={External shocks, US monetary policy and macroeconomic fluctuations in emerging markets},
  author={Ma{\'c}kowiak, Bartosz},
  journal={Journal of monetary economics},
  volume={54},
  number={8},
  pages={2512--2520},
  year={2007},
  publisher={Elsevier}
}

@article{manova2012export,
  title={Export prices across firms and destinations},
  author={Manova, Kalina and Zhang, Zhiwei},
  journal={The Quarterly Journal of Economics},
  volume={127},
  number={1},
  pages={379--436},
  year={2012},
  publisher={Oxford University Press}
}

@article{manova2013credit,
  title={Credit constraints, heterogeneous firms, and international trade},
  author={Manova, Kalina},
  journal={Review of Economic Studies},
  volume={80},
  number={2},
  pages={711--744},
  year={2013},
  publisher={Oxford University Press}
}

@article{manova2015firm,
  title={Firm exports and multinational activity under credit constraints},
  author={Manova, Kalina and Wei, Shang-Jin and Zhang, Zhiwei},
  journal={Review of economics and statistics},
  volume={97},
  number={3},
  pages={574--588},
  year={2015},
  publisher={The MIT Press}
}

@article{manova2016firms,
  title={How firms export: Processing vs. ordinary trade with financial frictions},
  author={Manova, Kalina and Yu, Zhihong},
  journal={Journal of International Economics},
  volume={100},
  pages={120--137},
  year={2016},
  publisher={Elsevier}
}

@book{martin2019china,
  title={China's" hot money" problems},
  author={Martin, Michael F and Morrison, Wayne M},
  year={2019},
  publisher={Congressional Research Service}
}

@article{melitz2003impact,
  title={The impact of trade on intra-industry reallocations and aggregate industry productivity},
  author={Melitz, Marc J},
  journal={econometrica},
  volume={71},
  number={6},
  pages={1695--1725},
  year={2003},
  publisher={Wiley Online Library}
}

@article{miranda2020us,
  title={US monetary policy and the global financial cycle},
  author={Miranda-Agrippino, Silvia and Rey, H{\'e}lene},
  journal={The Review of Economic Studies},
  volume={87},
  number={6},
  pages={2754--2776},
  year={2020},
  publisher={Oxford University Press}
}

@article{miranda2022tale,
  title={A tale of two global monetary policies},
  author={Miranda-Agrippino, Silvia and Nenova, Tsvetelina},
  journal={Journal of International Economics},
  volume={136},
  pages={103606},
  year={2022},
  publisher={Elsevier}
}

@article{nakamura2018high,
  title={High-frequency identification of monetary non-neutrality: the information effect},
  author={Nakamura, Emi and Steinsson, J{\'o}n},
  journal={The Quarterly Journal of Economics},
  volume={133},
  number={3},
  pages={1283--1330},
  year={2018},
  publisher={Oxford University Press}
}

@article{nason2006present,
  title={The present-value model of the current account has been rejected: Round up the usual suspects},
  author={Nason, James M and Rogers, John H},
  journal={Journal of International Economics},
  volume={68},
  number={1},
  pages={159--187},
  year={2006},
  publisher={Elsevier}
}

@article{obstfeld1995exchange,
  title={Exchange rate dynamics redux},
  author={Obstfeld, Maurice and Rogoff, Kenneth},
  journal={Journal of political economy},
  volume={103},
  number={3},
  pages={624--660},
  year={1995},
  publisher={The University of Chicago Press}
}

@article{obstfeld2000six,
  title={The six major puzzles in international macroeconomics: is there a common cause?},
  author={Obstfeld, Maurice and Rogoff, Kenneth},
  journal={NBER macroeconomics annual},
  volume={15},
  pages={339--390},
  year={2000},
  publisher={MIT press}
}

@article{ping2004china,
  title={China’s monetary policy: 1998-2002},
  author={Ping, Xie},
  journal={Stanford Center for International Development Working Paper},
  number={217},
  year={2004},
  publisher={Citeseer}
}

@incollection{prasad2007chinese,
  title={The Chinese approach to capital inflows: patterns and possible explanations},
  author={Prasad, Eswar and Wei, Shang-Jin},
  booktitle={Capital controls and capital flows in emerging economies: Policies, practices, and consequences},
  pages={421--480},
  year={2007},
  publisher={University of Chicago Press}
}

@article{rauch1999networks,
  title={Networks versus markets in international trade},
  author={Rauch, James E},
  journal={Journal of international Economics},
  volume={48},
  number={1},
  pages={7--35},
  year={1999},
  publisher={Elsevier}
}

@Article{RePEc:fip:fedkpr:y:2013:x:9,
  author={Helene Rey},
  title={{Dilemma not trilemma: the global cycle and monetary policy independence}},
  journal={Proceedings - Economic Policy Symposium - Jackson Hole},
  year=2013,
  volume={},
  number={},
  pages={1-2},
  month={},
  keywords={Capital; Monetary policy; Business cycles},
  doi={},
  abstract={No abstract is available for this item.},
  url={https://ideas.repec.org/a/fip/fedkpr/y2013x9.html}
}

@article{riedel2007overview,
  title={Overview of economic reforms and outcomes, from how China grows: investment, finance, and reform},
  author={Riedel, James and Jin, Jing and Gao, Jian and others},
  journal={Introductory Chapters},
  year={2007},
  publisher={Princeton University Press}
}

@article{rogers2014evaluating,
  title={Evaluating asset-market effects of unconventional monetary policy: a multi-country review},
  author={Rogers, John H and Scotti, Chiara and Wright, Jonathan H},
  journal={Economic Policy},
  volume={29},
  number={80},
  pages={749--799},
  year={2014},
  publisher={Oxford University Press}
}

@article{shambaugh2004effect,
  title={The effect of fixed exchange rates on monetary policy},
  author={Shambaugh, Jay C},
  journal={the Quarterly Journal of economics},
  volume={119},
  number={1},
  pages={301--352},
  year={2004},
  publisher={MIT Press}
}

@article{smeets2013estimating,
  title={Estimating productivity with multi-product firms, pricing heterogeneity and the role of international trade},
  author={Smeets, Valerie and Warzynski, Frederic},
  journal={Journal of International Economics},
  volume={90},
  number={2},
  pages={237--244},
  year={2013},
  publisher={Elsevier}
}

@article{song2011growing,
  title={Growing like china},
  author={Song, Zheng and Storesletten, Kjetil and Zilibotti, Fabrizio},
  journal={American economic review},
  volume={101},
  number={1},
  pages={196--233},
  year={2011},
  publisher={American Economic Association}
}

@article{swanson2021measuring,
  title={Measuring the effects of federal reserve forward guidance and asset purchases on financial markets},
  author={Swanson, Eric T},
  journal={Journal of Monetary Economics},
  volume={118},
  pages={32--53},
  year={2021},
  publisher={Elsevier}
}

@article{wongswan2009response,
  title={The response of global equity indexes to US monetary policy announcements},
  author={Wongswan, Jon},
  journal={Journal of International Money and Finance},
  volume={28},
  number={2},
  pages={344--365},
  year={2009},
  publisher={Elsevier}
}